@Book{Coxeter1973,
  title                    = {{R}egular polytopes},
  author                   = {Harold S. M. Coxeter},
  year                     = {1973},
  edition                  = {3},
  location                 = {New York},
  publisher                = {Dover Publications},

  owner                    = {Mike Barkmin},
  timestamp                = {2014.08.18}
}

@Book{Grove1985,
  title                    = {{F}inite {R}eflection {G}roups},
  author                   = {Larry C. Grove and Clark T. Benson},
  year                     = {1985},
  edition                  = {2},
  location                 = {New York},
  publisher                = {Springer},

  owner                    = {Mike Barkmin},
  timestamp                = {2014.08.18}
}

@Book{Neumann1994,
  title                    = {{G}roups and {G}eometry},
  author                   = {Peter M. Neumann and Gabrielle A. Stoy and Edward C. Thompson},
  year                     = {1994},
  location                 = {New York},
  publisher                = {Oxfort University Press},

  owner                    = {Mike Barkmin},
  timestamp                = {2014.08.18}
}

@Book{Quaisser1994,
  title                    = {{D}iskrete {G}eometrie : {E}inführung, {P}robleme, {Ü}bungen},
  author                   = {Erhard Quaisser},
  year                     = {1994},
  location                 = {Heidelberg and Berlin and Oxford},
  publisher                = {Spektrum Akademischer Verlag},

  owner                    = {Mike Barkmin},
  timestamp                = {2014.08.18}
}

@Book{Mainzer1988,
	title                    = {Symmetrie der Natur},
	author                   = {Klaus Mainzer},
	year                     = {1988},
	location                 = {Berlin and New York},
	publisher                = {de Gruyter},
	
	owner                    = {Mike Barkmin},
	timestamp                = {2014.08.18}
}

@Book{Mueller2012,
	title                    = {Leitfaden Geometrie},
	author                   = {Susanne Müller-Philipp and Hans-Joachim Gorski},
	year                     = {2012},
	edition                  = {5},
	location                 = {Wiesbaden},
	publisher                = {Vieweg+Teubner Verlag},
	
	owner                    = {Mike Barkmin},
	timestamp                = {2014.08.18}
}

@Book{Berendonk2014,
	title                    = {Erkundungen zum Eulerschen Polyedersatz},
	author                   = {Stephan Berendonk},
	year                     = {2014},
	edition                  = {1},
	location                 = {Wiesen},
	publisher                = {Springer},
	
	owner                    = {Mike Barkmin},
	timestamp                = {2014.08.18}
}

@Article{Endl1993,
    author                   = {Kurt Endl},
    title                    = {Ästhetik der platonischen Körpern},
    journal                  = {Gießener Universitätsblätter},
    volume                   = {26},
    year                     = {1993},
    pages                    = {9-24},
    url                      = {http://geb.uni-giessen.de/geb/volltexte/2013/9647/}
}
